%% This BibTeX bibliography file was created using BibDesk.
%% http://bibdesk.sourceforge.net/


%% Created for David Cyncynates at 2016-09-09 21:26:30 -0400 


%% Saved with string encoding Unicode (UTF-8) 



@article{eichelman1974apollo,
	Author = {Eichelman, WF and Lauderdale, WW},
	Date-Added = {2016-09-10 01:26:26 +0000},
	Date-Modified = {2016-09-10 01:26:26 +0000},
	Title = {Apollo scientific experiments data handbook},
	Year = {1974}}

@article{ord1991deformation,
	Author = {Ord, A},
	Date-Added = {2016-09-06 23:35:32 +0000},
	Date-Modified = {2016-09-06 23:35:32 +0000},
	Journal = {Pure and Applied Geophysics},
	Number = {4},
	Pages = {337--366},
	Publisher = {Springer},
	Title = {Deformation of rock: a pressure-sensitive, dilatant material},
	Volume = {137},
	Year = {1991}}

@article{shimada1993lithosphere,
	Author = {Shimada, Mitsuhiko},
	Date-Added = {2016-09-06 23:23:39 +0000},
	Date-Modified = {2016-09-06 23:23:39 +0000},
	Journal = {Tectonophysics},
	Number = {1-2},
	Pages = {55--64},
	Publisher = {Elsevier},
	Title = {Lithosphere strength inferred from fracture strength of rocks at high confining pressures and temperatures},
	Volume = {217},
	Year = {1993}}

@article{mair2002influence,
	Author = {Mair, Karen and Elphick, Stephen and Main, Ian},
	Date-Added = {2016-09-06 23:13:52 +0000},
	Date-Modified = {2016-09-06 23:13:52 +0000},
	Journal = {Geophysical Research Letters},
	Number = {10},
	Publisher = {Wiley Online Library},
	Title = {Influence of confining pressure on the mechanical and structural evolution of laboratory deformation bands},
	Volume = {29},
	Year = {2002}}

@inproceedings{nakamura1982apollo,
	Author = {Nakamura, Yosio and Latham, Gary V and Dorman, H James},
	Booktitle = {Lunar and Planetary Science Conference Proceedings},
	Date-Added = {2016-09-06 03:25:26 +0000},
	Date-Modified = {2016-09-06 03:25:26 +0000},
	Pages = {117},
	Title = {Apollo lunar seismic experiment-final summary},
	Volume = {13},
	Year = {1982}}

@inproceedings{banerdt2005seismic,
	Author = {Banerdt, W Bruce and Chui, Talso and Herrin, Eugene T and Rosenbaum, Doris and Teplitz, Vigdor L},
	Booktitle = {The Identification of Dark Matter},
	Date-Added = {2016-08-25 20:14:13 +0000},
	Date-Modified = {2016-08-25 20:14:13 +0000},
	Pages = {581--586},
	Title = {Seismic Moon Search for Strange Quark Matter},
	Year = {2005}}

@article{dziewonski1981preliminary,
	Author = {Dziewonski, Adam M and Anderson, Don L},
	Date-Added = {2016-08-25 19:24:17 +0000},
	Date-Modified = {2016-08-25 19:24:17 +0000},
	Journal = {Physics of the earth and planetary interiors},
	Number = {4},
	Pages = {297--356},
	Publisher = {Elsevier},
	Title = {Preliminary reference Earth model},
	Volume = {25},
	Year = {1981}}

@article{garcia2011very,
	Author = {Garcia, Rapha{\"e}l F and Gagnepain-Beyneix, Jeannine and Chevrot, S{\'e}bastien and Lognonn{\'e}, Philippe},
	Date-Added = {2016-08-25 19:23:43 +0000},
	Date-Modified = {2016-08-25 19:23:43 +0000},
	Journal = {Physics of the Earth and Planetary Interiors},
	Number = {1},
	Pages = {96--113},
	Publisher = {Elsevier},
	Title = {Very preliminary reference Moon model},
	Volume = {188},
	Year = {2011}}

@book{forbes2013shock,
	Author = {Forbes, Jerry W},
	Date-Added = {2016-08-25 18:57:11 +0000},
	Date-Modified = {2016-08-25 18:57:11 +0000},
	Publisher = {Springer Science \& Business Media},
	Title = {Shock wave compression of condensed matter: a primer},
	Year = {2013}}

@article{latham1973lunar,
	Author = {Latham, Gary and Ewing, Maurice and Dorman, James and Nakamura, Yosio and Press, Frank and Toks{\H{o}}z, Nafi and Sutton, George and Duennebier, Fred and Lammlein, David},
	Date-Added = {2016-08-25 18:19:10 +0000},
	Date-Modified = {2016-08-25 18:19:10 +0000},
	Journal = {The Moon},
	Number = {3-4},
	Pages = {396--421},
	Publisher = {Springer},
	Title = {Lunar structure and dynamics-results from the Apollo passive seismic experiment},
	Volume = {7},
	Year = {1973}}

@article{lockner200232,
	Author = {Lockner, David A and Beeler, Nicholas M},
	Date-Added = {2016-08-25 17:29:36 +0000},
	Date-Modified = {2016-08-25 17:29:36 +0000},
	Journal = {International Geophysics},
	Pages = {505--537},
	Publisher = {Elsevier},
	Title = {32 Rock failure and earthquakes},
	Volume = {81},
	Year = {2002}}
